{
  "leader": "02777cam a22004211i 4500",
  "fields": [
    {
      "001": "ocm02810803\\"
    },
    {
      "003": "OCoLC"
    },
    {
      "005": "20230104142200.0"
    },
    {
      "008": "770317s1955\\\\\\\\mauc\\\\\\\\\\\\\\\\\\\\000\\0\\eng\\c"
    },
    {
      "010": {
        "ind1": "\\",
        "ind2": "\\",
        "subfields": [
          {
            "a": "a  55005943 "
          }
        ]
      }
    },
    {
      "040": {
        "ind1": "\\",
        "ind2": "\\",
        "subfields": [
          {
            "a": "Pittsburgh. Univ. Libr."
          },
          {
            "b": "eng"
          },
          {
            "c": "IRU"
          },
          {
            "d": "DLC"
          },
          {
            "d": "SER"
          },
          {
            "d": "EL{dollar}"
          },
          {
            "d": "BUF"
          },
          {
            "d": "BTCTA"
          },
          {
            "d": "ZWZ"
          },
          {
            "d": "OCLCF"
          },
          {
            "d": "OCLCQ"
          },
          {
            "d": "OCLCO"
          },
          {
            "d": "OCL"
          },
          {
            "d": "OCLCQ"
          },
          {
            "d": "CSJ"
          },
          {
            "d": "OCLCQ"
          },
          {
            "d": "CPO"
          },
          {
            "d": "CGAVW"
          },
          {
            "d": "OCLCQ"
          },
          {
            "d": "YOU"
          },
          {
            "d": "NLVRD"
          },
          {
            "d": "OCLCQ"
          },
          {
            "d": "SUC"
          },
          {
            "d": "OCLCO"
          }
        ]
      }
    },
    {
      "019": {
        "ind1": "\\",
        "ind2": "\\",
        "subfields": [
          {
            "a": "220661051"
          },
          {
            "a": "977433552"
          }
        ]
      }
    },
    {
      "035": {
        "ind1": "\\",
        "ind2": "\\",
        "subfields": [
          {
            "a": "(OCoLC)2810803"
          },
          {
            "z": "(OCoLC)220661051"
          },
          {
            "z": "(OCoLC)977433552"
          }
        ]
      }
    },
    {
      "043": {
        "ind1": "\\",
        "ind2": "\\",
        "subfields": [
          {
            "a": "cl-----"
          }
        ]
      }
    },
    {
      "050": {
        "ind1": "\\",
        "ind2": "4",
        "subfields": [
          {
            "a": "F1418"
          },
          {
            "b": "C33 1955"
          }
        ]
      }
    },
    {
      "082": {
        "ind1": "0",
        "ind2": "4",
        "subfields": [
          {
            "a": "327.7308"
          },
          {
            "b": "CAB"
          }
        ]
      }
    },
    {
      "100": {
        "ind1": "1",
        "ind2": "\\",
        "subfields": [
          {
            "a": "Cabot, John M."
          },
          {
            "q": "(John Moors),"
          },
          {
            "d": "1901-1981,"
          },
          {
            "e": "author."
          }
        ]
      }
    },
    {
      "245": {
        "ind1": "1",
        "ind2": "0",
        "subfields": [
          {
            "a": "Toward our common American destiny :"
          },
          {
            "b": "speeches and interviews on Latin American problems /"
          },
          {
            "c": "by John M. Cabot."
          }
        ]
      }
    },
    {
      "264": {
        "ind1": "\\",
        "ind2": "1",
        "subfields": [
          {
            "a": "[Medford, Mass.] :"
          },
          {
            "b": "Fletcher School of Law and Diplomacy,"
          },
          {
            "c": "[1955?]"
          }
        ]
      }
    },
    {
      "300": {
        "ind1": "\\",
        "ind2": "\\",
        "subfields": [
          {
            "a": "xvii, 214 pages :"
          },
          {
            "b": "portrait ;"
          },
          {
            "c": "24 cm."
          }
        ]
      }
    },
    {
      "336": {
        "ind1": "\\",
        "ind2": "\\",
        "subfields": [
          {
            "a": "text"
          },
          {
            "b": "txt"
          },
          {
            "2": "rdacontent"
          }
        ]
      }
    },
    {
      "337": {
        "ind1": "\\",
        "ind2": "\\",
        "subfields": [
          {
            "a": "unmediated"
          },
          {
            "b": "n"
          },
          {
            "2": "rdamedia"
          }
        ]
      }
    },
    {
      "338": {
        "ind1": "\\",
        "ind2": "\\",
        "subfields": [
          {
            "a": "volume"
          },
          {
            "b": "nc"
          },
          {
            "2": "rdacarrier"
          }
        ]
      }
    },
    {
      "490": {
        "ind1": "1",
        "ind2": "\\",
        "subfields": [
          {
            "a": "Fletcher School studies in international affairs"
          }
        ]
      }
    },
    {
      "505": {
        "ind1": "0",
        "ind2": "0",
        "subfields": [
          {
            "t": "A responsible press can help build continental solidarity --"
          },
          {
            "t": "\"On taking office\": the task of improving inter-American relations --"
          },
          {
            "t": "\"To Bolivar\" --"
          },
          {
            "t": "Social evolution in Latin America -the necessity for mutual understanding --"
          },
          {
            "t": "Tribute to Colombia on Pan American Day --"
          },
          {
            "t": "Mutual trade and point 4 work -vital instruments in inter-American relations --"
          },
          {
            "t": "\"The Latin American story\" --"
          },
          {
            "t": "An economic program for Latin America --"
          },
          {
            "t": "The political basis for our continental solidarity --"
          },
          {
            "t": "The Latin American picture: a background sketch --"
          },
          {
            "t": "Coffee as a source of inter-American understanding and misunderstanding --"
          },
          {
            "t": "The unfolding scroll in the Caribbean area --"
          },
          {
            "t": "Foreign trade and investment benefits the man in the street --"
          },
          {
            "t": "\"Voice of America\" interview --"
          },
          {
            "t": "The \"Vision\" interview --"
          },
          {
            "t": "\"Why diplomats don't behave like human beings\" --"
          },
          {
            "t": "Farewell speech as Assistant Secretary of State for inter-American affairs."
          }
        ]
      }
    },
    {
      "520": {
        "ind1": "8",
        "ind2": "\\",
        "subfields": [
          {
            "a": "From the John Holmes Library Collection."
          }
        ]
      }
    },
    {
      "651": {
        "ind1": "\\",
        "ind2": "0",
        "subfields": [
          {
            "a": "Latin America"
          },
          {
            "x": "Relations"
          },
          {
            "z": "United States."
          }
        ]
      }
    },
    {
      "651": {
        "ind1": "\\",
        "ind2": "0",
        "subfields": [
          {
            "a": "United States"
          },
          {
            "x": "Relations"
          },
          {
            "z": "Latin America."
          }
        ]
      }
    },
    {
      "650": {
        "ind1": "\\",
        "ind2": "0",
        "subfields": [
          {
            "a": "Pan-Americanism."
          }
        ]
      }
    },
    {
      "650": {
        "ind1": "\\",
        "ind2": "7",
        "subfields": [
          {
            "a": "Pan-Americanism."
          },
          {
            "2": "fast"
          },
          {
            "0": "(OCoLC)fst01051900"
          }
        ]
      }
    },
    {
      "650": {
        "ind1": "\\",
        "ind2": "7",
        "subfields": [
          {
            "a": "International relations."
          },
          {
            "2": "fast"
          },
          {
            "0": "(OCoLC)fst00977053"
          }
        ]
      }
    },
    {
      "651": {
        "ind1": "\\",
        "ind2": "7",
        "subfields": [
          {
            "a": "Latin America."
          },
          {
            "2": "fast"
          },
          {
            "0": "(OCoLC)fst01245945"
          }
        ]
      }
    },
    {
      "651": {
        "ind1": "\\",
        "ind2": "7",
        "subfields": [
          {
            "a": "United States."
          },
          {
            "2": "fast"
          },
          {
            "0": "(OCoLC)fst01204155"
          }
        ]
      }
    },
    {
      "776": {
        "ind1": "0",
        "ind2": "8",
        "subfields": [
          {
            "i": "Online version:"
          },
          {
            "a": "Cabot, John Moors."
          },
          {
            "t": "Toward our common American destiny."
          },
          {
            "d": "[Medford, Mass.] Fletcher School of Law and Diplomacy [1955?]"
          },
          {
            "w": "(OCoLC)592997724"
          }
        ]
      }
    },
    {
      "830": {
        "ind1": "\\",
        "ind2": "0",
        "subfields": [
          {
            "a": "Fletcher School studies in international affairs."
          }
        ]
      }
    },
    {
      "994": {
        "ind1": "\\",
        "ind2": "\\",
        "subfields": [
          {
            "a": "Z0"
          },
          {
            "b": "NYRVC"
          }
        ]
      }
    },
    {
      "948": {
        "ind1": "\\",
        "ind2": "\\",
        "subfields": [
          {
            "h": "NO HOLDINGS IN NYRVC - 295 OTHER HOLDINGS"
          }
        ]
      }
    },
    {
      "999": {
        "ind1": "\\",
        "ind2": "\\",
        "subfields": [
          {
            "a": "00000000026254"
          }
        ]
      }
    }
  ]
}